<record xmlns="http://www.loc.gov/MARC21/slim">
   <leader>01378ccm a2200361 a 4500</leader>
   <controlfield tag="001">1372606</controlfield>
   <controlfield tag="008">910430s1985    gw sgau  z     n    ger d</controlfield>
   <datafield ind1=" " ind2=" " tag="010">
      <subfield code="a">   88751954 /M</subfield>
   </datafield>
   <datafield ind1="3" ind2="1" tag="028">
      <subfield code="a">18421</subfield>
      <subfield code="b">Universal Edition</subfield>
   </datafield>
   <datafield ind1="2" ind2="0" tag="028">
      <subfield code="a">UE 18 421</subfield>
      <subfield code="b">Universal Edition</subfield>
   </datafield>
   <datafield ind1=" " ind2=" " tag="035">
      <subfield code="a">ocm18165242</subfield>
   </datafield>
   <datafield ind1=" " ind2=" " tag="040">
      <subfield code="a">DLC</subfield>
      <subfield code="b">eng</subfield>
      <subfield code="c">DLC</subfield>
   </datafield>
   <datafield ind1="0" ind2=" " tag="045">
      <subfield code="b">d1984</subfield>
   </datafield>
   <datafield ind1=" " ind2=" " tag="048">
      <subfield code="b">vc01</subfield>
      <subfield code="a">sa01</subfield>
      <subfield code="a">sb01</subfield>
   </datafield>
   <datafield ind1=" " ind2=" " tag="048">
      <subfield code="b">vg01</subfield>
      <subfield code="a">sa01</subfield>
      <subfield code="a">sb01</subfield>
   </datafield>
   <datafield ind1=" " ind2=" " tag="049">
      <subfield code="a">AEU</subfield>
      <subfield code="b">eng</subfield>
   </datafield>
   <datafield ind1="0" ind2="0" tag="050">
      <subfield code="a">M1613.3.P28</subfield>
      <subfield code="b">E8 1985</subfield>
   </datafield>
   <datafield ind1="0" ind2=" " tag="090">
      <subfield code="a">M 1613.3 P273 E74 1985 folio</subfield>
   </datafield>
   <datafield ind1="1" ind2=" " tag="100">
      <subfield code="a">Pärt, Arvo.</subfield>
   </datafield>
   <datafield ind1="1" ind2="0" tag="245">
      <subfield code="a">Es sang vor langen Jahren</subfield>
      <subfield code="h">[music] :</subfield>
      <subfield code="b">für Alt (oder Contratenor), Violine und Viola /</subfield>
      <subfield code="c">Arvo Pärt.</subfield>
   </datafield>
   <datafield ind1=" " ind2=" " tag="260">
      <subfield code="a">Wien :</subfield>
      <subfield code="b">Universal Edition,</subfield>
      <subfield code="c">c1985.</subfield>
   </datafield>
   <datafield ind1=" " ind2=" " tag="300">
      <subfield code="a">1 score (ii, 6 p.) ;</subfield>
      <subfield code="c">31 cm.</subfield>
   </datafield>
   <datafield ind1=" " ind2=" " tag="336">
      <subfield code="a">notated music</subfield>
      <subfield code="b">ntm</subfield>
      <subfield code="2">rdacontent</subfield>
   </datafield>
   <datafield ind1=" " ind2=" " tag="337">
      <subfield code="a">unmediated</subfield>
      <subfield code="b">n</subfield>
      <subfield code="2">rdamedia</subfield>
   </datafield>
   <datafield ind1=" " ind2=" " tag="500">
      <subfield code="a">German text by Clemens Brentano.</subfield>
   </datafield>
   <datafield ind1=" " ind2=" " tag="500">
      <subfield code="a">Words printed as text: 2nd prelim. p.</subfield>
   </datafield>
   <datafield ind1=" " ind2=" " tag="500">
      <subfield code="a">Publisher's no.: Universal Edition no. 18421.</subfield>
   </datafield>
   <datafield ind1=" " ind2=" " tag="596">
      <subfield code="a">43</subfield>
   </datafield>
   <datafield ind1="1" ind2="0" tag="600">
      <subfield code="a">Brentano, Clemens,</subfield>
      <subfield code="d">1778-1842</subfield>
      <subfield code="v">Musical settings.</subfield>
   </datafield>
   <datafield ind1=" " ind2="0" tag="650">
      <subfield code="a">Songs (Low voice) with instrumental ensemble</subfield>
      <subfield code="v">Scores.</subfield>
   </datafield>
   <datafield ind1=" " ind2="0" tag="650">
      <subfield code="a">Songs (High voice) with instrumental ensemble</subfield>
      <subfield code="v">Scores.</subfield>
   </datafield>
   <datafield ind1="1" ind2=" " tag="700">
      <subfield code="a">Brentano, Clemens,</subfield>
      <subfield code="d">1778-1842.</subfield>
   </datafield>
   <datafield ind1=" " ind2=" " tag="926">
      <subfield code="a">M 1613.3 P273 E74 1985 folio</subfield>
      <subfield code="w">LC</subfield>
      <subfield code="c">1</subfield>
      <subfield code="i">000036310886</subfield>
      <subfield code="d">12/23/2009</subfield>
      <subfield code="e">12/14/2009</subfield>
      <subfield code="l">MUSIC</subfield>
      <subfield code="m">UAHSS</subfield>
      <subfield code="n">4</subfield>
      <subfield code="p">$150.00</subfield>
      <subfield code="r">Y</subfield>
      <subfield code="s">Y</subfield>
      <subfield code="t">MUSICSCORE</subfield>
      <subfield code="u">5/2/1991</subfield>
   </datafield>
</record>
